@book{nebra2015,
  author    = {Mathieu Nebra},
  title     = {Programmez avec le langage C++},
  year      = {2015},
  publisher = {Eyrolles},
  isbn      = {9782212142290}
}

@book{meurisse2020,
  author    = {Dominique Meurisse},
  title     = {Python, Raspberry Pi et Flask},
  year      = {2020},
  publisher = {ENI},
  isbn      = {9782409029882}
}

@book{perre2020,
  author    = {Yannig Perré},
  title     = {Prometheus et Grafana : Surveillez vos applications et composants système},
  year      = {2020},
  publisher = {ENI},
  isbn      = {9782409031748}
}

@book{huchet2021,
  author    = {Raphaël Huchet and Sean O’Shea},
  title     = {Laravel : Un framework efficace pour développer vos applications PHP (2\textsuperscript{e} édition)},
  year      = {2021},
  publisher = {ENI},
  isbn      = {9782409042737}
}

@book{israel2022,
  author    = {Tristan Israël},
  title     = {Maîtrisez Qt : Guide de développement d'applications professionnelles (3\textsuperscript{e} édition)},
  year      = {2022},
  publisher = {ENI},
  isbn      = {9782409037962}
}

@manual{mosquitto_doc,
  title     = {Documentation de Mosquitto},
  year      = {2024},
  url       = {https://mosquitto.org/documentation/}
}

@manual{influxdb_doc,
  title     = {Documentation d'InfluxDB},
  year      = {2024},
  url       = {https://docs.influxdata.com/influxdb/v2/}
}

@manual{openssl_doc,
  title     = {Documentation d'OpenSSL},
  year      = {2024},
  url       = {https://docs.openssl.org/master/}
}

@manual{apache_doc,
  title     = {Documentation d'Apache 2},
  year      = {2024},
  url       = {https://httpd.apache.org/docs/}
}

@manual{qt_doc,
  title     = {Documentation de Qt},
  year      = {2024},
  url       = {https://doc.qt.io/}
}

@manual{laravel_doc,
  title     = {Documentation de Laravel},
  year      = {2024},
  url       = {https://www.pierre-giraud.com/php-mysql-apprendre-coder-cours/}
}
